<?xml version="1.0" encoding="UTF-8"?><collection xmlns="http://www.loc.gov/MARC21/slim"><record><leader>00363nam--2200109-i-4500</leader><controlfield tag="001">000003236</controlfield><controlfield tag="002">20161230</controlfield><controlfield tag="005">20161230201025</controlfield><controlfield tag="008">060222s1000------------r-----000-0-eng-d</controlfield><datafield ind1=" " ind2=" " tag="245"><subfield code="a">Aisgewahlte kapital aus der vakuumtechnik zum verlust anorganisch nichtfluchtiger substanzen wahrend der gefriertrocknung</subfield></datafield><datafield ind1=" " ind2=" " tag="260"><subfield code="a">Koln, Westdeutscher Verlag, 1955 39 P</subfield></datafield><datafield ind1=" " ind2=" " tag="852"><subfield code="a">12936</subfield></datafield></record></collection>